% -*- coding: utf-8 -*-

@article{秦勇2009,
    title={开关表面活性剂的研究进展},
    author={秦勇 and 纪俊玲 and 么士平 and 汪媛 and 彭勇刚},
    journal={日用化学工业},
    volume={39},
    number={3},
    pages={191-195},
    year={2009},
}

@article{hellberg2000,
    title={Cleavable surfactants},
    author={{Per-Erik Hellberg} and {Karin Bergström} and {Krister Holmberg}},
    journal={Journal of Surfactants and Detergents},
    volume={3},
    number={1},
    pages={81-91},
    year={2000},
    publisher={Wiley Online Library}
}

@article{jessop2012,
    title={\ce{CO2}-triggered switchable solvents, surfactants, and other materials},
    author={{Philip G. Jessop} and {Sean M. Mercera} and {David J. Heldebrant}},
    journal={Energy \& Environmental Science},
    volume={5},
    number={6},
    pages={7240-7253},
    year={2012},
    publisher={Royal Society of Chemistry}
}

@article{tehrani2007,
    title={Cleavable surfactants},
    author={{Tehrani-Bagha A} and {Holmberg K}},
    journal={Current Opinion in Colloid \& Interface Science},
    volume={12},
    number={2},
    pages={81-91},
    year={2007},
    publisher={Elsevier}
}

@article{shukla2010,
    title={Development of cleavable surfactants},
    author={{Shukla D} and {Tyagi VK}},
    journal={Tenside Surfactants Detergents},
    volume={47},
    number={1},
    pages={7--12},
    year={2010},
    publisher={Carl Hanser Verlag}
}

@incollection{narayanan2008,
    title={Surfactants Containing Hydrolyzable Bonds},
    author={{Lundberg D} and {Stjerndahl M} and {Holmberg K}},
    booktitle={Interfacial Processes and Molecular Aggregation of Surfactants},
    year={2008},
    pages={57-82},
    publisher={Springer},
    address={Heidelberg}
}

@phdthesis{liu2007,
    title={Switchable surfactants},
    author={{Liu Y}},
    school={Queen's University},
    year={2007},
    address={Canada}
}

@article{norris2003,
    title={Mass spectrometry of intracellular and membrane proteins using cleavable detergents},
    author={{Norris J L} and {Porter N A} and {Caprioli R M}},
    journal={Analytical chemistry},
    volume={75},
    number={23},
    pages={6642-6647},
    year={2003},
    publisher={ACS Publications}
}

@article{stanley2012,
    title={Micellar electrokinetic chromatography with acid labile surfactant},
    author={{Stanley B} and {Lucy C A}},
    journal={Journal of Chromatography A},
    volume={1226},
    pages={55-60},
    year={2012},
    publisher={Elsevier}
}

@article{guo2012,
    title={Cholinesterase-responsive supramolecular vesicle},
    author={{Guo DS} and {Wang K} and {Wang YX} and {Liu Y}},
    journal={Journal of the American Chemical Society},
    volume={134},
    number={24},
    pages={10244-10250},
    year={2012},
    publisher={ACS Publications}
}

@mastersthesis{张冤帝2017,
    title={氧化—还原开关型表面活性剂的制备及性质研究},
    author={张冤帝},
    year={2017},
    school={江南大学},
    address={无锡}
} %11

@article{李云霞2011,
    title={特种表面活性剂和功能性表面活性剂 (ⅩⅥ)——开关型表面活性剂的性能及应用进展},
    author={李云霞 and 张桂菊 and 徐宝财 and 刘丹 and 刘机灵},
    journal={日用化学工业},
    volume={41},
    number={05},
    pages={375-380},
    year={2011},
}

@article{karthaus1996,
    title={Reversible photomorphism in surface monolayers},
    author={{Karthaus O} and {Shimomura M} and {Hioki M} and {Tahara R} and {Nakamura H}},
    journal={Journal of the American Chemical Society},
    volume={118},
    number={38},
    pages={9174-9175},
    year={1996},
    publisher={ACS Publications}
} %13

@article{shang2003,
    title={Photoresponsive surfactants exhibiting unusually large, reversible surface tension changes under varying illumination conditions},
    author={{Shang T} and {Smith K A} and {Hatton T A}},
    journal={Langmuir},
    volume={19},
    number={26},
    pages={10764-10773},
    year={2003},
    publisher={ACS Publications}
}

@mastersthesis{吕湘亮2018,
    title={含二硒表面活性剂的合成及性能研究},
    author={吕湘亮},
    year={2018},
    school={江南大学},
    address={无锡}
} %15

@book{newman2006structure,
  title={The structure and dynamics of networks},
  author={Newman, Mark and Barab{\'a}si, Albert-L{\'a}szl{\'o} and Watts, Duncan J},
  year={2006},
  publisher={Princeton University Press},
  address={Princeton},
}



@inproceedings{aiello2000random,
  title={A random graph model for massive graphs},
  author={Aiello, William and Chung, Fan and Lu, Linyuan},
  booktitle={Proceedings of the thirty-second annual ACM symposium on Theory of computing},
  pages={171--180},
  year={2000},
  publisher = {ACM},
  address = {New York},
}



@inproceedings{price1965statistical,
  title={Statistical studies of networks of scientific papers},
  author={Price, D},
  booktitle={Statistical Association Methods for Mechanized Documentation: Symposium Proceedings},
  volume={269},
  pages={187},
  year={1965},
  organization={US Government Printing Office}
}

@techreport{leskovec2007msn,
  title={Worldwide Buzz: Planetary-Scale Views on an Instant-Messaging Network},
  author={Jure Leskovec and Eric Horvitz},
  institution={Microsoft Research},
  year={2007},
  month={7},
  key={Microsoft Research Technical Report MSR-TR-2006-186}
}

@book{fass1996bacon,
  title={Six Degrees of {K}evin {B}acon},
  author={Craig Fass and Brian Turtle and Mike Ginelli},
  year={1996},
  publisher={Plume},
  address={New York City}
}

@online{reynolds2011bacon,
  title={The Oracle of {B}acon},
  author={Patrick Reynolds},
  url = {http://oracleofbacon.org/cgi-bin/center-cgi?who=Kevin+Bacon},
  citedate = {2011-07-12}
}


@phdthesis{gurevich1961phd,
  title={The Social Structure of Acquaintanceship Networks},
  author={Michael Gurevich},
  school={Massachusetts Institute of Technology},
  year={1961},
  address={Cambridge, MA}
}

@article{pool1978,
 title = {Contacts and influence},
 author = {{Ithiel} {de Sola Pool} and Manfred Kochen},
 year = {1978},
 journal = {Social Networks},
 pages = {5-51},
 volume = {1},
 issue = {1}
}

@book{barabasi2003linked,
  title={Linked: How Everything is Connected to Everything Else and What It Means for Business, Science, and Everyday Life},
  author={Albert-L{\'a}szl{\'o} Barab{\'a}si},
  year={2003},
  publisher={Plume},
  address={New York}
}

@inproceedings{herrera2011generating,
  title={Generating scale-free networks with adjustable clustering coefficient via random walks},
  author={Herrera, Carlos and Zufiria, Pedro J},
  booktitle={Network Science Workshop (NSW), 2011 IEEE},
  pages={167--172},
  year={2011},
  organization={IEEE}
}

@article{gyarmati2010scafida,
  title={Scafida: A scale-free network inspired data center architecture},
  author={L{\'a}szl{\'o} Gyarmati and {Tuan Anh} {Trinh}},
  journal={ACM SIGCOMM Computer Communication Review},
  volume={40},
  number={5},
  pages={4--12},
  year={2010},
  publisher={ACM}
}

@inproceedings{greenberg2008towards,
  title={Towards a next generation data center architecture: scalability and commoditization},
  author={Greenberg, Albert and Lahiri, Parantap and Maltz, David A and Patel, Parveen and Sengupta, Sudipta},
  booktitle={Proceedings of the ACM workshop on Programmable routers for extensible services of tomorrow},
  pages={57--62},
  year={2008},
  organization={ACM}
}

@book{leighton1992introduction,
  title={Introduction to parallel algorithms and architectures},
  author={Leighton, Frank Thomson},
  year={1992},
  publisher={Morgan Kaufmann San Francisco}
}

@article{guo2009bcube,
  title={BCube: a high performance, server-centric network architecture for modular data centers},
  author={Guo, Chuanxiong and Lu, Guohan and Li, Dan and Wu, Haitao and Zhang, Xuan and Shi, Yunfeng and Tian, Chen and Zhang, Yongguang and Lu, Songwu},
  journal={ACM SIGCOMM Computer Communication Review},
  volume={39},
  number={4},
  pages={63--74},
  year={2009},
  publisher={ACM}
}

@inproceedings{guo2008dcell,
  title={Dcell: a scalable and fault-tolerant network structure for data centers},
  author={Guo, Chuanxiong and Wu, Haitao and Tan, Kun and Shi, Lei and Zhang, Yongguang and Lu, Songwu},
  booktitle={ACM SIGCOMM Computer Communication Review},
  volume={38},
  issue={4},
  pages={75--86},
  year={2008},
  organization={ACM}
}


@program{VDE,
  author = {{SourceForge}},
  title = {VDE: Virtual Distributed Ethernet},
  year = {2013},
  url = {https://vde.sourceforge.net},
  citedate = {2013-03-09}
}

@online{QUAGGA,
  title = {{Quagga} Routing Suite},
  url = {http://www.nongnu.org/quagga/},
  citedate = {2013-03-09}
}

@article{kohler2000click,
  title={The Click modular router},
  author={Kohler, Eddie and Morris, Robert and Chen, Benjie and Jannotti, John and Kaashoek, M Frans},
  journal={ACM Transactions on Computer Systems (TOCS)},
  volume={18},
  number={3},
  pages={263--297},
  year={2000},
  publisher={ACM}
}

@article{han2010packetshader,
  title={PacketShader: a GPU-accelerated software router},
  author={Han, Sangjin and Jang, Keon and Park, KyoungSoo and Moon, Sue},
  journal={ACM SIGCOMM Computer Communication Review},
  volume={40},
  number={4},
  pages={195--206},
  year={2010},
  publisher={ACM}
}

@inproceedings{dobrescu2009routebricks,
  title={RouteBricks: exploiting parallelism to scale software routers},
  author={Dobrescu, Mihai and Egi, Norbert and Argyraki, Katerina and Chun, Byung-Gon and Fall, Kevin and Iannaccone, Gianluca and Knies, Allan and Manesh, Maziar and Ratnasamy, Sylvia},
  booktitle={Proceedings of the ACM SIGOPS 22nd symposium on Operating systems principles},
  pages={15--28},
  year={2009},
  organization={ACM}
}

@article{hu2011review,
  title={A Review on cloud computing: Design challenges in Architecture and Security},
  author={{HU Fei} and {QIU Meikang} and {LI Jiayin} and Grant, Travis and
          Taylor, Drew and McCaleb, Seth and Butler, Lee and Hamner,
          Richard},
  journal={Journal of Computing and Information Technology},
  volume={19},
  number={1},
  pages={25--55},
  year={2011}
}

@techreport{varia2010architecting,
  title={Architecting for the cloud: Best practices},
  author={Varia, Jinesh},
  institution={Amazon Web Services},
  year={2010}
}

@article{Dean2009,
  author = {Dean, J},
  title  = {Designs, Lessons, and Advice from Building Large Distributed Systems.},
  year = {2009},
  month = {Oct},
  journal = {Keynote from LADIS 2009}
}

@article{broder2000graph,
  title={Graph structure in the web},
  author={Broder, Andrei and Kumar, Ravi and Maghoul, Farzin and Raghavan, Prabhakar and Rajagopalan, Sridhar and Stata, Raymie and Tomkins, Andrew and Wiener, Janet},
  journal={Computer networks},
  volume={33},
  number={1},
  pages={309--320},
  year={2000},
  publisher={Elsevier}
}

@article{kleinberg1999authoritative,
  title={Authoritative sources in a hyperlinked environment},
  author={Kleinberg, Jon M},
  journal={Journal of the ACM (JACM)},
  volume={46},
  number={5},
  pages={604--632},
  year={1999},
  publisher={ACM}
}

@INPROCEEDINGS{Kleinberg00thesmall-world,
    author = {Jon Kleinberg},
    title = {The Small-World Phenomenon: An Algorithmic Perspective},
    booktitle = {in Proceedings of the 32nd ACM Symposium on Theory of Computing},
    year = {2000},
    pages = {163--170}
}Ï

@webpage{dubash2010,
  title = {{Moore's Law is dead, says Gordon Moore}},
  author = {Manek Dubash},
  publisher = {Techworld},
  year = {2010},
  month = {4},
  url = {http://www.techworld.com/news/operating-systems/moores-law-is-dead-says-gordon-moore-3576581/},
  modifydate={2010/4/13},
  citedate={2015/6/16}
}